<record><leader>00000cas a22000007a 4500</leader><controlfield tag="001">19462408</controlfield><controlfield tag="008">890327d18961919mouwr ne      0    0eng d</controlfield><datafield ind1=" " ind2=" " tag="010"><subfield code="a">sn 89066414 </subfield></datafield><datafield ind1=" " ind2=" " tag="040"><subfield code="a">MQN</subfield><subfield code="b">eng</subfield><subfield code="c">MQN</subfield><subfield code="d">OCLCQ</subfield></datafield><datafield ind1=" " ind2=" " tag="042"><subfield code="a">msc</subfield></datafield><datafield ind1="0" ind2="4" tag="245"><subfield code="a">The Bonne Terre star.</subfield></datafield><datafield ind1=" " ind2=" " tag="260"><subfield code="a">Bonne Terre, St. Francois County, Mo. :</subfield><subfield code="b">Irwin L. Page,</subfield><subfield code="c">-1919.</subfield></datafield><datafield ind1=" " ind2=" " tag="300"><subfield code="a">v.</subfield></datafield><datafield ind1=" " ind2=" " tag="310"><subfield code="a">Weekly</subfield></datafield><datafield ind1="1" ind2=" " tag="362"><subfield code="a">Began in 1896?</subfield></datafield><datafield ind1="0" ind2=" " tag="362"><subfield code="a">-v. 25, no. 36 (Sept. 12, 1919).</subfield></datafield><datafield ind1=" " ind2=" " tag="588"><subfield code="a">Description based on: Vol. 1, no. 7 (Jan. 14, 1897).</subfield></datafield><datafield ind1=" " ind2=" " tag="752"><subfield code="a">United States</subfield><subfield code="b">Missouri</subfield><subfield code="c">Saint Francois</subfield><subfield code="d">Bonne Terre.</subfield></datafield><datafield ind1="0" ind2="7" tag="785"><subfield code="t">News-register (Bonne Terre, Mo.)</subfield><subfield code="w">(DLC)sn 89066417</subfield></datafield><datafield ind1="0" ind2="7" tag="785"><subfield code="t">Bonne Terre star and the news-register</subfield><subfield code="w">(DLC)sn 89066413</subfield></datafield></record>